@misc{korea_resource_recirculation_information_system_2018, 
title={National Waste Generation and Disposal Status (2018)},
howpublished = {\url{https://www.recycling-info.or.kr/rrs/stat/envStatDetail.do?menuNo=M13020302&pageIndex=1&bbsId=BBSMSTR_000000000002&s_nttSj=KEC011&nttId=867&searchBgnDe=&searchEndDe=}}, note = {Accessed: 2020-01-15}
}
@misc{united20182018,
  title={2018 revision of world urbanization prospects},
  author={United Nations},
  year={2018},
  publisher={United Nations Department of Economic and Social Affairs}
}
@book{zeigler2000theory,
  title={Theory of modeling and simulation},
  author={Zeigler, Bernard P and Kim, Tag Gon and Praehofer, Herbert},
  year={2000},
  publisher={Academic press}
}
@article{mohit2010assessment,
  title={Assessment of residential satisfaction in newly designed public low-cost housing in Kuala Lumpur, Malaysia},
  author={Mohit, Mohammad Abdul and Ibrahim, Mansor and Rashid, Yong Razidah},
  journal={Habitat international},
  volume={34},
  number={1},
  pages={18--27},
  year={2010},
  publisher={Elsevier}
}
@article{nguyenemission,
  title={Emission Control and Route Optimization in Municipal Solid Waste Collection and Transportation using Agent-Based Model},
  author={Nguyen-Trong, Khanh and Dinh-Thi-Hai, Van and Nguyen-Thi-Ngoc, Anh and Nguyen-Ngoc, Doanh}
}
@article{karadimas2006coupling,
  title={Coupling multiagent simulation and GIS- an application in waste management.},
  author={Karadimas, Nikolaos V and Rigopoulos, George and Bardis, Nikolaos},
  journal={WSEAS Transactions on Systems},
  volume={5},
  number={10},
  pages={2367--2371},
  year={2006}
}
@article{chalkias2009gis,
  title={A GIS based model for the optimisation of municipal solid waste collection: the case study of Nikea, Athens, Greece},
  author={Chalkias, Christos and Lasaridi, Katia},
  journal={technology},
  volume={1},
  pages={11--15},
  year={2009},
  publisher={Citeseer}
}
@inproceedings{hua2016towards,
  title={Towards a decision support system for municipal waste collection by integrating geographical information system map, smart devices and agent-based model},
  author={Hua, Tuyen Manh and Nguyen, Trong Khanh and Van Dinh Thi, Hai and Thi, Ngoc Anh Nguyen},
  booktitle={Proceedings of the Seventh Symposium on Information and Communication Technology},
  pages={139--146},
  year={2016},
  organization={ACM}
}
@inproceedings{nambiar2013multi,
  title={A multi-agent vehicle routing system for garbage collection},
  author={Nambiar, Sindhya K and Idicula, Sumam Mary},
  booktitle={2013 Fifth International Conference on Advanced Computing (ICoAC)},
  pages={72--76},
  year={2013},
  organization={IEEE}
}
@article{dyson2005forecasting,
  title={Forecasting municipal solid waste generation in a fast-growing urban region with system dynamics modeling},
  author={Dyson, Brian and Chang, Ni-Bin},
  journal={Waste management},
  volume={25},
  number={7},
  pages={669--679},
  year={2005},
  publisher={Elsevier}
}


@article{das2015optimization,
  title={Optimization of municipal solid waste collection and transportation routes},
  author={Das, Swapan and Bhattacharyya, Bidyut Kr},
  journal={Waste Management},
  volume={43},
  pages={9--18},
  year={2015},
  publisher={Elsevier}
}
@article{antmann2013continuous,
  title={Continuous-discrete simulation-based decision making framework for solid waste management and recycling programs},
  author={Antmann, Eric D and Shi, Xiaoran and Celik, Nurcin and Dai, Yading},
  journal={Computers \& Industrial Engineering},
  volume={65},
  number={3},
  pages={438--454},
  year={2013},
  publisher={Elsevier}
}
@article{guariso2009modelling,
  title={Modelling the upgrade of an urban waste disposal system},
  author={Guariso, Giorgio and Michetti, F and Porta, F and Moore, S},
  journal={Environmental Modelling \& Software},
  volume={24},
  number={11},
  pages={1314--1322},
  year={2009},
  publisher={Elsevier}
}
@inproceedings{wang2017system,
  title={System dynamics simulation on municipal solid waste in Hong Kong},
  author={Wang, Chen},
  booktitle={Proceedings of the Institution of Civil Engineers-Municipal Engineer},
  volume={171},
  number={4},
  pages={185--195},
  year={2017},
  organization={Thomas Telford Ltd}
}
@article{meng2018multi,
  title={Multi-agent based simulation for household solid waste recycling behavior},
  author={Meng, Xiaoyan and Wen, Zongguo and Qian, Yi},
  journal={Resources, Conservation and Recycling},
  volume={128},
  pages={535--545},
  year={2018},
  publisher={Elsevier}
}
@article{shi2013multi,
  title={Multi-Objective Agent-based Modeling and Optimization of Single Stream Recycling Programs},
  author={Shi, Xiaoran and Thanos, Aristotelis E and Antmann, Eric D},
  year={2013}
}
@article{shi2015hybrid,
  title={Hybrid simulation-based planning and evaluation framework for solid waste management and recycling systems},
  author={Shi, Xiaoran and Antmann, Eric D and Celik, Nurcin and Thanos, Aristotelis E and Hayton, Breanna},
  journal={The Journal of Solid Waste Technology and Management},
  volume={41},
  number={3},
  pages={285--303},
  year={2015},
  publisher={The Journal of Solid Waste Technology and Management}
}
@inproceedings{dao2017optimizing,
  title={Optimizing Vehicle Routing with Path and Carbon Dioxide Emission for Municipal Solid Waste Collection in Ha Giang, Vietnam},
  author={Dao-Tuan, Anh and Nguyen-Thi-Ngoc, Anh and Nguyen-Trong, Khanh and Bui-Tuan, Anh and Dinh-Thi-Hai, Van},
  booktitle={International Conference on Industrial Networks and Intelligent Systems},
  pages={212--227},
  year={2017},
  organization={Springer}
}

@book{tms2000,
 author = {Bernard P. Zeigler and Tag Gon Kim and Herbert Praehofer},
 title = {Theory of Modeling and Simulation},
 year = {2000},
 isbn = {0127784551},
 publisher = {Academic Press, Inc.},
 address = {Orlando, FL, USA},
 }

@book{ Zeigler84,
	author		= "Bernard P. Zeigler",
	title		= "Multifacetted Modeling and Discrete Event Simulation",
	publisher	= "Academic Press",
	year		= 1984,
}

@book{ Zeigler90,
	author		= "Bernard P. Zeigler",
	title		= "Object-Oriented Simulation with Hierarchical, Modular Models",
	publisher	= "Academic Press",
	year		= 1990,
}

